@article{postgres,
  author       = {Azure Microsoft},
  title        = {O que é PostgreSQL},
  howpublished = {\url{https://azure.microsoft.com/pt-br/resources/cloud-computing-dictionary/what-is-postgresql/}},
  year         = {2023},
  volume       = {30},
  number       = {2},
  pages        = {10-20},
  note         = {Acesso em: 22 jun. 2023}
}


@article{node,
  author       = {Diego Melo},
  title        = {O que é Node.js? [Guia para iniciantes]},
  howpublished = {\url{https://tecnoblog.net/responde/o-que-e-node-js-guia-para-iniciantes/}},
  year         = {2021},
  volume       = {30},
  number       = {2},
  pages        = {10-20},
  note         = {Acesso em: 22 jun. 2023}
}
@article{javascript,
  author       = {WIKIPÉDIA},
  title        = {JavaScript},
  howpublished = {\url{https://pt.wikipedia.org/wiki/JavaScript}},
  year         = {2023},
  volume       = {30},
  number       = {2},
  pages        = {10-20},
  note         = {Acesso em: 22 jun. 2023}
}
@article{typescript,
  author       = {WIKIPÉDIA},
  title        = {TypeScript},
  howpublished = {\url{https://pt.wikipedia.org/wiki/TypeScript}},
  year         = {2022},
  volume       = {30},
  number       = {2},
  pages        = {10-20},
  note         = {Acesso em: 22 jun. 2023}
}
@article{celulares,
  author       = {Cruzeirofm},
  title        = {Brasil tem mais smartphones que habitantes},
  howpublished = {\url{https://pt.wikipedia.org/wiki/TypeScript}},
  year         = {2022},
  volume       = {30},
  number       = {2},
  pages        = {10-20},
  note         = {Acesso em: 22 jun. 2023}
}

@article{api,
  author       = {Clara Fabro},
  title        = {O que é API e para que serve? Cinco perguntas e respostas},
  howpublished = {\url{https://www.techtudo.com.br/listas/2020/06/o-que-e-api-e-para-que-serve-cinco-perguntas-e-respostas.ghtml}},
  year         = {2020},
  volume       = {30},
  number       = {2},
  pages        = {10-20},
  note         = {Acesso em: 22 jun. 2023}
}
@article{rest,
  author       = {WIKIPÉDIA},
  title        = {REST},
  howpublished = {\url{https://pt.wikipedia.org/wiki/REST}},
  year         = {2023},
  volume       = {30},
  number       = {2},
  pages        = {10-20},
  note         = {Acesso em: 22 jun. 2023}
}
@article{dart,
  author       = {WIKIPÉDIA},
  title        = {Dart (linguagem de programação)},
  howpublished = {\url{https://pt.abcdef.wiki/wiki/Dart_(programming_language)}},
  year         = {2023},
  volume       = {30},
  number       = {2},
  pages        = {10-20},
  note         = {Acesso em: 22 jun. 2023}
}
@article{flutter,
  author       = {WIKIPÉDIA},
  title        = {Flutter},
  howpublished = {\url{https://pt.wikipedia.org/wiki/Flutter}},
  year         = {2023},
  volume       = {30},
  number       = {2},
  pages        = {10-20},
  note         = {Acesso em: 22 jun. 2023}
}

@article{geekhunter,
  author       = {GEEKHUNTER},
  title        = {Flutter: por que aprender o framework da Google é uma boa ideia em um mercado mobile crescente},
  howpublished = {\url{https://blog.geekhunter.com.br/flutter/}},
  year         = {2021},
  volume       = {30},
  number       = {2},
  pages        = {10-20},
  note         = {Acesso em: 22 jun. 2023}
}
@article{vscode,
  author       = {WIKIPÉDIA},
  title        = {Visual Studio Code},
  howpublished = {\url{https://pt.wikipedia.org/wiki/Visual_Studio_Code}},
  year         = {2022},
  volume       = {30},
  number       = {2},
  pages        = {10-20},
  note         = {Acesso em: 22 jun. 2023}
}
@article{git,
  author       = {HOSTGATOR},
  title        = {Conheça o Git, o sistema de versionamento que protege os projetos},
  howpublished = {\url{https://www.hostgator.com.br/blog/git-o-sistema-de-controle/}},
  year         = {2020},
  volume       = {30},
  number       = {2},
  pages        = {10-20},
  note         = {Acesso em: 22 jun. 2023}
}
@article{diagramaclasse,
  author       = {LUCIDCHART},
  title        = {O que é um diagrama de classe em UML?},
  howpublished = {\url{https://www.lucidchart.com/pages/pt/o-que-e-diagrama-de-classe-uml}},
  year         = {2019},
  volume       = {30},
  number       = {2},
  pages        = {10-20},
  note         = {Acesso em: 22 jun. 2023}
}
@article{casodeusos,
  author       = {CREATELY},
  title        = {Tutorial do diagrama de caso de uso (guia com exemplos)},
  howpublished = {\url{https://creately.com/blog/pt/diagrama/tutorial-de-diagrama-de-caso-de-uso/}},
  year         = {2021},
  volume       = {30},
  number       = {2},
  pages        = {10-20},
  note         = {Acesso em: 22 jun. 2023}
}
@article{figma,
  author       = {BLOGB2BSTACK},
  title        = {Entenda o que é e como usar o Figma para criar designs},
  howpublished = {\url{https://blog.b2bstack.com.br/figma/}},
  year         = {2021},
  volume       = {30},
  number       = {2},
  pages        = {10-20},
  note         = {Acesso em: 22 jun. 2023}
}
@article{github,
  author       = {WOMAKERSCODE},
  title        = {O que é, o que é?
O que são as ferramentas de versionamento e por que utilizar em seus projetos.},
  howpublished = {\url{https://womakerscode.gitbook.io/desvendando-git-e-github/o-que-onde-e-por-que}},
  year         = {2021},
  volume       = {30},
  number       = {2},
  pages        = {10-20},
  note         = {Acesso em: 22 jun. 2023}
}
@article{internet,
  author       = {WOMAKERSCODE},
  title        = {O que é, o que é?
O que são as ferramentas de versionamento e por que utilizar em seus projetos.},
  howpublished = {\url{https://fibradosnarede.valenet.com.br/evolucao-da-internet/}},
  year         = {2021},
  volume       = {30},
  number       = {2},
  pages        = {10-20},
  note         = {Acesso em: 22 jun. 2023}
}
@article{http,
  author       = {Matheus Bigogno Costa},
  title        = {O que é HTTP},
  howpublished = {\url{https://canaltech.com.br/internet/o-que-e-http/}},
  year         = {2021},
  volume       = {30},
  number       = {2},
  pages        = {10-20},
  note         = {Acesso em: 22 jun. 2023}
}

